@article{r1,
  title={Modeling of combat operations},
  author={Kosti{\'c}, Mladen S and Jovanovi{\'c}, Aca D and Kova{\v{c}}, Mitar V},
  journal={Vojnotehni{\v{c}}ki glasnik/Military Technical Courier},
  volume={71},
  number={3},
  pages={529--558},
  year={2023}
}


@article{r2,
  title={A generalization of unaimed fire Lanchesterâ€™s model in multi-battle warfare},
  author={Cangiotti, Nicol{\`o} and Capolli, Marco and Sensi, Mattia},
  journal={Operational Research},
  volume={23},
  number={2},
  pages={38},
  year={2023},
  publisher={Springer}
}


@unknown{r3,
author = {Giri, Naresh},
year = {2021},
month = {02},
pages = {},
title = {Balance of Power Theory in Present International System},
doi = {10.13140/RG.2.2.19997.64489}
}



@mastersthesis{r4,
  title={From Mutually Assured Destruction to Mutually Assured Stability: A Constructivist Rationale for Expanding Missile Defense},
  author={La Boon, David Jo{\"e}l},
  year={2019},
  school={Seoul National University (Republic of Korea)}
}


@article{r5,
  title={Geography and Politics in A World Divided},
  author={Aziz, Muhammad Suliman and Abbas, Brduman Waisi},
  year={2021}
}


@article{r6,
  title={A theory of coalition formation},
  author={Gamson, William A},
  journal={American sociological review},
  pages={373--382},
  year={1961},
  publisher={JSTOR}
}


@article{r7,
  title={On the internal and external stability of coalitions and application to group purchasing organizations},
  author={Hou, Dongshuang and Lardon, Aymeric and Sun, Hao},
  year={2020}
}


@article{r8,
  title={Lanchester systems},
  author={Washburn, Alan},
  journal={Defense Technical Information Center, Fort Belvoir, VA},
  year={2000}
}


@book{r9,
  title={Mutually assured stability: Establishing US-Russia security relations for a new century},
  author={Wallander, Celeste A},
  year={2022},
  publisher={JSTOR}
}